1618 2912
397 704 1137 794 PROLEGOMENA

746 1003 782 1048 Ι.

234 1101 310 1153 De
330 1105 434 1162 52·ss
449 1105 522 1168 qui
540 1105 676 1167 primi
693 1101 1307 1171 Epigrammatafcollegerunt.

124 1237 254 1353 Ab
273 1322 328 1352 eo
347 1302 455 1352 inde
475 1314 699 1371 tempore,
725 1322 816 1371 quo
838 1305 1062 1354 scribendi
1083 1324 1152 1355 ars
1173 1324 1255 1373 per
1267 1310 1410 1357 Grae·

123 1392 244 1440 ciam
273 1389 555 1455 frequentari
585 1391 764 1456 coepit,
791 1391 840 1438 id
871 1392 994 1455 quod
1025 1394 1147 1440 circa
1168 1391 1408 1458 Olympia·

124 1475 237 1524 dum
263 1475 399 1525 initia
437 1473 609 1524 faffium
641 1471 770 1522 fuisse
808 1475 1013 1534 videtur,
1067 1467 1411 1542 Epigrammata.

123 1560 182 1609 ad
213 1576 370 1608 rerum
407 1557 633 1622 gestarum
665 1559 999 1624 hominumque
1034 1560 1276 1609 illustrium
1311 1579 1410 1609 me·

120 1645 318 1694 moriam
346 1643 698 1693 conservandam
730 1645 779 1691 in
819 1641 1116 1706 ἀναθήμασιν
1145 1643 1191 1693 ot
1216 1647 1409 1711 tumulis

121 1731 336 1796 usurpata
368 1729 485 1778 sunt.
579 1729 888 1794 Antiquissimi
926 1731 1060 1793 hujus
1093 1733 1408 1796 Epigramma-

122 1826 227 1863 tum
251 1814 430 1876 generis
459 1814 635 1861 utilitas
661 1814 1094 1875 eruditosfhornines
1126 1817 1329 1881 primum
1352 1812 1411 1863 ad

123 1900 307 1946 minora
336 1898 415 1946 illa
451 1899 654 1946 carmina
691 1900 944 1960 colligenda
972 1897 1179 1947 invitasse
1210 1899 1409 1948 videtur.

122 1984 223 2038 Qui
247 1983 369 2030 enim
390 1981 634 2030 hominum
659 1983 708 2030 in
733 1983 853 2032 bello
877 1995 924 2032 et
958 2003 1069 2051 pace
1093 1985 1325 2041 clarorum
1341 1982 1411 2032 viss·

121 2078 194 2116 tas
215 2070 280 2129 ¹⁸²),
313 2066 499 2115 urbium
530 2067 755 2129 origin'es,
785 2070 1063 2134 populorum
1094 2087 1164 2117 res
1192 2052 1331 2131 gestas
1353 2069 1410 2116 li-

123 2153 235 2200 teris
274 2151 575 2210 mandabant,
618 2168 694 2201 eos
728 2154 1048 2219 saepenumero
1085 2154 1142 2201 ad
1170 2155 1411 2219 Epigram-

123 2246 304 2284 matum
348 2233 667 2284 austeritatem
697 2235 958 2304 provocasse
986 2233 1174 2286 constat.
1267 2234 1411 2292 Quod

124 2331 282 2368 autem
308 2318 575 2367 Herodotus
603 2320 800 2381 fecerat,
830 2340 914 2370 nec
932 2322 1231 2388 Thucydides
1261 2338 1286 2368 a
1305 2337 1408 2382 gra-

123 2405 269 2452 vita‘te
295 2402 372 2452 sua
407 2403 609 2452 alienum
638 2404 725 2453 effe
754 2417 1019 2472 putaverat,
1059 2407 1108 2455 id
1137 2404 1408 2474 posteriores

180 2553 220 2607 ¹⁵)
247 2555 350 2598 Vide
370 2566 445 2594 van
467 2551 593 2595 Gonu
609 2557 659 2598 de
681 2558 873 2599 Simonide
889 2572 925 2611 p.
946 2570 978 2606 5.
995 2560 1047 2612 sq.

824 2646 851 2678 c
