1618 2912
163 178 203 210 x
577 167 1005 211 Pmmmxou

116 293 121 298 '
165 285 342 347 Lyricis
383 295 430 332 et
467 285 683 345 Elegiacis
727 285 873 348 pose‘tis
912 284 1143 343 fecerunt,
1211 285 1425 346 quodam'ae

165 387 304 434 modo
326 387 546 444 resarciri,
576 385 932 451 praestantifiimi
965 388 1129 450 quique
1150 387 1425 434 Literatoresse

165 489 497 536 intellexerunt.
577 475 702 536 Nam
727 488 862 535 habet
891 488 1323 553 Epigrammaticum
1349 498 1427 549 gea

165 607 251 639 nus
289 590 653 652 conjunffionern
688 593 883 655 aliquam
913 602 961 638 et
990 589 1108 653 quasi
1147 589 1425 638 neceffitudi-

166 708 273 741 nem
308 710 414 740 cum
439 696 610 757 ,Lyrico
641 704 687 740 et
730 695 960 755 Elegiac03
1001 703 1048 740 et
1085 702 1138 741 ut
1165 695 1351 757 quisque
1378 694 1428 741 in

166 797 516 860 Epigrammatis
545 796 784 843 scribendis
816 797 1043 850 excelluit,
1074 797 1138 843 ita
1166 796 1207 842 se
1237 772 1427 843 maxime

165 897 225 945 ad
246 909 453 946 veterum
491 901 763 962 Lyricorum
796 900 1104 946 imitationem
1139 895 1428 963 composuisse

84 1007 89 1017 ’
169 1001 361 1048 videtur.
437 1006 559 1048 -Nec
600 999 803 1066 profesto
841 1001 1112 1056 defuerunt,
1164 1003 1270 1065 qui,
1323 1017 1429 1048 cum

171 1094 391 1151 summam
429 1105 733 1164 Anthologiae
780 1121 966 1164 graecae
1009 1102 1326 1168 praestantiam
1361 1105 1432 1150 in·⁴

170 1208 454 1267 teiligerent,
496 1225 622 1264 eam,
656 1206 792 1254 modo
815 1208 1062 1267 integram,
1100 1206 1236 1252 modo
1263 1204 1429 1253 dilestu

171 1311 424 1358 carminum
453 1300 638 1366 habito',
688 1310 813 1373 typis
849 1308 1180 1356 describendam
1216 1318 1434 1357 curarent·

171 1423 220 1459 et
251 1415 300 1460 in
331 1414 526 1460 latinum
557 1413 808 1460 sermonem
836 1422 1186 1470 converterent3
1241 1410 1428 1460 eandem

141 1536 144 1538 ·
171 1530 280 1564 vero
300 1518 377 1581 qui
395 1516 530 1581 paulo
551 1517 789 1564 intentiori
805 1513 947 1562 studio
969 1532 995 1562 a
1016 1514 1215 1562 sordibus
1235 1531 1429 1579 purgare

173 1629 220 1667 et
237 1621 420 1668 criticae
453 1620 562 1667 artis
583 1618 828 1666 subtilitate
866 1618 1067 1665 adhibita
1085 1591 1324 1665 emendare
1340 1617 1429 1665 sus-
1480 1677 1485 1682 .

174 1724 400 1788 ciperent,
461 1722 566 1770 inde
594 1739 619 1769 a
659 1724 826 1769 renatis
858 1723 1000 1769 literis
1027 1721 1163 1786 usque
1191 1721 1245 1768 ad
1281 1719 1430 1769 nostra

173 1835 382 1892 tempora
420 1827 595 1874 inventi
634 1826 736 1873 sunt
769 1824 1028 1890 pauciffimi.
1115 1823 1236 1880 Quid
1273 1825 1429 1871 enim?

176 1947 281 1978 eum
316 1931 366 1977 in
403 1929 555 1994 priscis
597 1927 888 1993 scriptoribus
934 1926 1213 1975 restituendis
1255 1927 1430 1996 primae

110 2076 113 2079 .
173 2031 266 2082 fine
293 2032 429 2080 dubio
457 2042 606 2098 partes
627 2031 866 2079 Codicibus
896 2031 1161 2079 tribuendae
1180 2028 1289 2087 snt
1323 2020 1430 2096 quo·

169 2138 435 2205 tusquisque
463 2135 712 2191 editorum,
757 2133 791 2180 fi
822 2134 875 2182 ab
903 2134 1019 2182 Aldo
1047 2132 1310 2189 discesseris,
1354 2150 1426 2181 us·

171 2256 263 2304 que
293 2239 348 2286 ad
370 2238 648 2287 Brunckium
682 2238 990 2298 anthologiam
1019 2237 1076 2284 ad
1106 2237 1245 2285 Codd.
1270 2253 1427 2284 manu·

170 2342 360 2408 scriptos
392 2343 568 2403 exegit?
616 2342 840 2388 Henricum
874 2341 999 2387 enim
1025 2339 1272 2401 Stephanum
1297 2338 1432 2404 quid-

170 2446 282 2512 quid
308 2445 442 2508 hujus
474 2453 570 2492 erat
596 2444 769 2504 negotii
803 2443 940 2507 paulo
978 2442 1275 2510 negligentius
1313 2441 1426 2488 exse·

172 2558 331 2599 cutum
347 2546 452 2607 effe,
485 2546 604 2598 infra
623 2544 897 2596 docebimus.
968 2547 1086 2605 Quis
1103 2561 1266 2612 porm,
1297 2561 1435 2610 prae-e
