1618 2912
162 176 269 226 vm
578 181 996 225 annrAa-Jo.

152 317 269 349 ‘nam
298 299 403 347 inde
430 298 714 347 redundante
729 299 801 356 *),
845 295 1130 344 statuendum
1157 294 1240 355 fit,
1281 298 1428 347 multa
1474 286 1491 295 ’

162 403 368 468 proferre
417 400 600 466 possim,
663 418 776 464 quae
817 400 890 447 vel
943 416 1123 460 gravem
1161 399 1428 449 sententiam

161 514 544 571 praeceptumque
575 502 769 560 salubre,
819 503 891 550 vel
918 519 1015 549 rem
1036 502 1269 575 ¹quandam
1313 503 1429 552 scitu

163 616 211 654 et
259 614 422 654 notatu
473 585 766 667 digniffimam
791 640 803 660 ,
872 604 1009 651 modo
1057 604 1111 651 ad
1171 604 1426 664 historiam,

161 708 296 757 modo
328 707 388 756 ad
425 724 573 755 mores
622 716 852 763 veterum,
909 688 1265 772 universamque
1308 709 1424 755 anti-

162 800 416 878 quitatem,
472 800 771 857 contineant:
837 825 930 855 non
970 818 1125 855 tamen
1160 811 1226 860 ita
1263 810 1318 857 de
1355 827 1423 858 ar-

161 915 302 969 tium,
340 929 444 961 cum
477 910 733 959 ceterarum
766 912 972 958 omniurn
992 947 1003 967 ,
1056 927 1170 975 quae
1202 929 1306 960 cum
1338 912 1423 960 hu·
1480 964 1483 966 μ

159 1017 381 1071 manitate
419 1013 684 1078 conjunstae
725 1014 827 1061 sunt
853 1051 864 1071 ,
924 1023 1025 1060 tum
1070 1004 1278 1078 inprimis
1316 1023 1422 1080 po'e-

160 1119 252 1168 seos
271 1117 542 1184 praestantia
560 1115 898 1164 existimandum
917 1116 1096 1174 censeo;
1130 1115 1426 1167 barbarorum

159 1223 283 1270 enim
313 1222 449 1277 haec,
495 1230 541 1267 et
569 1221 645 1284 qui
675 1221 797 1275 inter
815 1220 1006 1284 populos
1041 1219 1325 1268 humanitate
1351 1237 1423 1269 εκ,

157 1325 306 1374 cultos
324 1324 524 1371 barbaris
554 1319 769 1371 fimillinii
786 1322 911 1378 sunt,
952 1321 1181 1385 judicandi
1198 1321 1260 1371 est
1272 1325 1424 1385 ‹rati03

156 1428 407 1492 sedpotius
439 1428 527 1484 ita,
571 1435 646 1484 ut,
687 1442 803 1499 quae
832 1425 1167 1490 pulcritudine,
1218 1425 1421 1475 venusta-

156 1541 205 1579 te
235 1535 282 1578 et
308 1530 528 1591 dignitate
553 1531 807 1585 emineant,
853 1527 1024 1575 etiamsi
1047 1530 1170 1577 nulla
1192 1530 1299 1577 inde
1327 1531 1420 1578 uti-

156 1635 260 1684 litas
285 1633 550 1703 derivetur,
580 1633 772 1680 maxime
795 1641 951 1679 tamen
978 1632 1255 1680 admiremur
1275 1642 1324 1679 et
1352 1632 1423 1680 di-

158 1738 350 1800 ligamus
377 1719 788 1801 etiamplea‘amur.
864 1738 967 1799 Jam
994 1752 1130 1783 nemo
1157 1735 1292 1784 facile
1318 1737 1421 1794 erit,

157 1857 208 1887 ex
236 1840 292 1887 iis
321 1838 525 1904 quidem,
581 1840 660 1903 qui
688 1839 1014 1899 Anthologiam
1047 1855 1253 1901 graecam
1282 1839 1420 1904 paulo

156 1944 346 2009 propius
385 1942 656 2007 inspexerint
673 1978 685 1999 ,
743 1941 816 1988 vel
849 1941 1004 1988 saltem
1041 1959 1094 1991 ex
1119 1915 1349 1990 theotiscis
1373 1954 1423 1990 et

156 2045 485 2094 imitationibus
513 2054 560 2092 et
575 2042 872 2101 versionibus,
901 2045 1051 2109 quales
1069 2045 1309 2101 Herderus,
1339 2046 1426 2102 Vir

158 2152 393 2206 Summus,
431 2149 595 2213 aliique
629 2147 864 2204 nonnulli,
887 2146 959 2201 sed
986 2149 1208 2198 Herderus
1246 2150 1420 2214 praecis-

159 2269 270 2319 pue,
315 2252 536 2300 dederunt
563 2249 925 2312 elegantissimas,
971 2252 1293 2312 cognoverint,
1341 2252 1420 2316 qui
1502 2315 1506 2319 η

160 2357 209 2404 in
225 2357 285 2404 ea‘
299 2347 628 2423 pulcherrimos
645 2371 844 2419 quosque
861 2355 1024 2402 Graeci
1046 2355 1243 2418 ingenii,
1278 2357 1420 2403 Grae-

215 2514 253 2567 *)
281 2517 383 2556 Vide
422 2511 599 2553 Grotium
642 2515 682 2553 in
726 2514 954 2554 praefatione
989 2499 1239 2568 Anthelogiae
1290 2515 1421 2556 manu-
1475 2490 1478 2493 ’

267 2573 379 2622 deae,
427 2586 450 2614 a
477 2572 627 2613 Boschio
651 2571 730 2611 viro
754 2571 798 2610 cl·
827 2571 935 2611 edita.
